<?xml version="1.0" encoding="UTF-8"?><collection xmlns="http://www.loc.gov/MARC21/slim"><record><leader>00554nam--2200193-u-4500</leader><controlfield tag="001">000053034</controlfield><controlfield tag="002">20161230</controlfield><controlfield tag="005">20161230201050</controlfield><controlfield tag="008">110103s1000------------r-----000-0-eng-d</controlfield><datafield ind1=" " ind2=" " tag="020"><subfield code="a">0521629950</subfield></datafield><datafield ind1=" " ind2=" " tag="040"><subfield code="a">IFIN-HH</subfield></datafield><datafield ind1=" " ind2=" " tag="080"><subfield code="a">537.533.3:548</subfield></datafield><datafield ind1="1" ind2=" " tag="100"><subfield code="a">De Graef, Marc</subfield></datafield><datafield ind1="1" ind2="0" tag="245"><subfield code="a">Introduction to conventional transmission electron microscopy</subfield><subfield code="c">Marc de graef</subfield></datafield><datafield ind1=" " ind2=" " tag="260"><subfield code="a">Cambridge</subfield><subfield code="b">Cambridge University Press</subfield><subfield code="c">2003</subfield></datafield><datafield ind1=" " ind2=" " tag="300"><subfield code="a">718P</subfield></datafield><datafield ind1=" " ind2="4" tag="650"><subfield code="a">Trasmission Electron Microscopy</subfield></datafield><datafield ind1=" " ind2=" " tag="852"><subfield code="a">81359</subfield><subfield code="c">537.533.3</subfield></datafield><datafield ind1=" " ind2=" " tag="CAT"><subfield code="a">Sys</subfield><subfield code="c">20110103</subfield><subfield code="h">133248</subfield></datafield></record></collection>